% Generated by Paperpile. Check out https://paperpile.com for more information.
% BibTeX export options can be customized via Settings -> BibTeX.

@ARTICLE{Cornell1995-ky,
  title     = "A Second Generation Force Field for the Simulation of Proteins,
               Nucleic Acids, and Organic Molecules",
  author    = "Cornell, Wendy D and Cieplak, Piotr and Bayly, Christopher I and
               Gould, Ian R and Merz, Kenneth M and Ferguson, David M and
               Spellmeyer, David C and Fox, Thomas and Caldwell, James W and
               Kollman, Peter A",
  journal   = "J. Am. Chem. Soc.",
  publisher = "American Chemical Society",
  volume    =  117,
  number    =  19,
  pages     = "5179--5197",
  month     =  may,
  year      =  1995,
  keywords  = "ja00124a002.ris;\_\_Manuscript Bibliographics (Common
               Collections)/Molecular Dynamics"
}
