@unpublished{PyMOL,
	Annote = {PyMOL
The PyMOL Molecular Graphics System, Version 2.2.3, Schr{\"o}dinger, LLC.},
	Author = {{Schr\"odinger, LLC}},
	Title = {The {PyMOL} Molecular Graphics System, Version~2.2.3},
	howpublished = "\url{https://pymol.org/2/}",
	Year = {2019}}