% Generated by Paperpile. Check out http://paperpile.com for more information.
% BibTeX export options can be customized via Settings -> BibTeX.

@ARTICLE{Winter2018-oa,
  title    = "{DIALS}: implementation and evaluation of a new integration
              package",
  author   = "Winter, Graeme and Waterman, David G and Parkhurst, James M and
              Brewster, Aaron S and Gildea, Richard J and Gerstel, Markus and
              Fuentes-Montero, Luis and Vollmar, Melanie and Michels-Clark,
              Tara and Young, Iris D and Sauter, Nicholas K and Evans, Gwyndaf",
  abstract = "The DIALS project is a collaboration between Diamond Light
              Source, Lawrence Berkeley National Laboratory and CCP4 to develop
              a new software suite for the analysis of crystallographic X-ray
              diffraction data, initially encompassing spot finding, indexing,
              refinement and integration. The design, core algorithms and
              structure of the software are introduced, alongside results from
              the analysis of data from biological and chemical crystallography
              experiments.",
  journal  = "Acta Crystallogr D Struct Biol",
  volume   =  74,
  number   = "Pt 2",
  pages    = "85--97",
  month    =  feb,
  year     =  2018,
  keywords = "DIALS; X-ray diffraction; data processing; methods
              development;\_\_Manuscript Bibliographics (Common
              Collections)/Crystallography General;\_\_Manuscript
              Bibliographics (Common Collections)/Crystallography Xia2",
  language = "en"
}

@ARTICLE{Winn2011-fi,
  title    = "{Overview of the {\it {CCP}4} suite and current
              developments}",
  author   = "Winn, Martyn D and Ballard, Charles C and Cowtan, Kevin D and
              Dodson, Eleanor J and Emsley, Paul and Evans, Phil R and Keegan,
              Ronan M and Krissinel, Eugene B and Leslie, Andrew G W and McCoy,
              Airlie and McNicholas, Stuart J and Murshudov, Garib N and Pannu,
              Navraj S and Potterton, Elizabeth A and Powell, Harold R and
              Read, Randy J and Vagin, Alexei and Wilson, Keith S",
  journal  = "Acta Crystallogr. D Biol. Crystallogr.",
  volume   =  67,
  number   =  4,
  pages    = "235--242",
  month    =  apr,
  year     =  2011,
  keywords = "xia2-citations.bib;\_\_Manuscript Bibliographics (Common
              Collections)/Crystallography Xia2"
}

@ARTICLE{Evans2013-wu,
  title    = "{How good are my data and what is the resolution?}",
  author   = "Evans, Philip R and Murshudov, Garib N",
  journal  = "Acta Crystallogr. D Biol. Crystallogr.",
  volume   =  69,
  number   =  7,
  pages    = "1204--1214",
  month    =  jul,
  year     =  2013,
  keywords = "xia2-citations.bib;\_\_Manuscript Bibliographics (Common
              Collections)/Crystallography Xia2"
}

@ARTICLE{Evans2006-cc,
  title    = "{Scaling and assessment of data quality}",
  author   = "Evans, Philip",
  journal  = "Acta Crystallogr. D Biol. Crystallogr.",
  volume   =  62,
  number   =  1,
  pages    = "72--82",
  month    =  jan,
  year     =  2006,
  keywords = "xia2-citations.bib;\_\_Manuscript Bibliographics (Common
              Collections)/Crystallography Xia2"
}

@ARTICLE{Winter2010-tx,
  title    = "{{\it xia2}: an expert system for macromolecular
              crystallography data reduction}",
  author   = "Winter, G",
  journal  = "J. Appl. Crystallogr.",
  volume   =  43,
  number   =  1,
  pages    = "186--190",
  month    =  feb,
  year     =  2010,
  keywords = "xia2-citations.bib;\_\_Manuscript Bibliographics (Common
              Collections)/Crystallography Xia2"
}
